@Book{balanis1989b,
  author =       "C. A. Balanis",
  title =        "Advanced Engineering Electromagnetics",
  publisher =    "{John Wiley \& Sons}",
  address =      "{New York}",
  year =         "1989",
}

@Article{benkler2006s,
  author =       "S. Benkler and N. Chavannes and N. Kuster",
  title =        "A New {3-D} Conformal {PEC} {FDTD} Scheme with 
                 User-Defined Geometric Precision and Derived Stability
                 Criterion",
  journal =      aps,
  volume =       "54",
  number =       "6",
  pages =        "1843--1849",
  month =        jun,
  year =         "2006",
}

@Book{ishimaru1991b,
  author =       "A. Ishimaru",
  title =        "Electromagnetic Wave Propagation, Radiation, and
                 Scattering",
  publisher =    "Prentice Hall",
  address =      "Englewood Cliffs, New Jersey",
  year =         "1991",
}

@Article{schelkunoff1936a,
  author =       "S. A. Schelkunoff",
  title =        "Some Equivalence Theorems of Electromagnetics and
                 Their Application to Radiation Problems",
  journal =      "Bell System Technical Journal",
  volume =       "15",
  pages =        "92--112",
  year =         "1936",
}

